@misc{bench,
    title     = "The Computer Langauge Benchmarks Game",
    url       = "http://benchmarksgame.alioth.debian.org/"
}
@article{Zhong:2004:ARS:996893.996872,
 author = {Zhong, Yutao and Orlovich, Maksim and Shen, Xipeng and Ding, Chen},
 title = {Array Regrouping and Structure Splitting Using Whole-program Reference Affinity},
 journal = {SIGPLAN Not.},
 issue_date = {May 2004},
 volume = {39},
 number = {6},
 month = jun,
 year = {2004},
 issn = {0362-1340},
 pages = {255--266},
 numpages = {12},
 url = {http://doi.acm.org/10.1145/996893.996872},
 doi = {10.1145/996893.996872},
 acmid = {996872},
 publisher = {ACM},
 address = {New York, NY, USA},
 keywords = {array regrouping, program locality, program transformation, reference affinity, reuse signature, structure splitting, volume distance},
} 